<record><leader>00000cas a2200000 a 4500</leader><controlfield tag="001">19252515</controlfield><controlfield tag="008">890223d19361937tnucr ne      0    0eng d</controlfield><datafield ind1=" " ind2=" " tag="010"><subfield code="a">sn 89058379 </subfield></datafield><datafield ind1=" " ind2=" " tag="040"><subfield code="a">KNP</subfield><subfield code="b">eng</subfield><subfield code="c">KNP</subfield><subfield code="d">TGN</subfield><subfield code="d">OCL</subfield><subfield code="d">OCLCQ</subfield><subfield code="d">OCLCF</subfield><subfield code="d">OCLCO</subfield></datafield><datafield ind1=" " ind2=" " tag="042"><subfield code="a">msc</subfield></datafield><datafield ind1=" " ind2=" " tag="043"><subfield code="a">n-us-tn</subfield></datafield><datafield ind1="0" ind2=" " tag="130"><subfield code="a">Nashville record (Nashville, Tenn. : 1936)</subfield></datafield><datafield ind1="1" ind2="4" tag="245"><subfield code="a">The Nashville record.</subfield></datafield><datafield ind1=" " ind2=" " tag="260"><subfield code="a">Nashville, Tenn. :</subfield><subfield code="b">Record Pub. Co.,</subfield><subfield code="c">1936-1937.</subfield></datafield><datafield ind1=" " ind2=" " tag="300"><subfield code="a">v. :</subfield><subfield code="b">ill.</subfield></datafield><datafield ind1=" " ind2=" " tag="310"><subfield code="a">Semiweekly,</subfield><subfield code="b">July 20-Nov. 16, 1937</subfield></datafield><datafield ind1=" " ind2=" " tag="321"><subfield code="a">Three times a week,</subfield><subfield code="b">Jan. 31, 1936-July 17, 1937</subfield></datafield><datafield ind1="0" ind2=" " tag="362"><subfield code="a">Vol. 1, no. 1 (Jan. 31, 1936)-v. 4, no. 29 (Nov. 16, 1937).</subfield></datafield><datafield ind1=" " ind2=" " tag="500"><subfield code="a">Editor: Chas. K. Trotter, 1936-1937.</subfield></datafield><datafield ind1=" " ind2=" " tag="580"><subfield code="a">Merged with: Jeffersonian (Nashville, Tenn.), to form: Nashville record with which is combined the Jeffersonian.</subfield></datafield><datafield ind1=" " ind2="0" tag="651"><subfield code="a">Davidson County (Tenn.)</subfield><subfield code="v">Newspapers.</subfield></datafield><datafield ind1=" " ind2="0" tag="651"><subfield code="a">Nashville (Tenn.)</subfield><subfield code="v">Newspapers.</subfield></datafield><datafield ind1=" " ind2="7" tag="655"><subfield code="a">Newspapers.</subfield><subfield code="2">fast</subfield><subfield code="0">(OCoLC)fst01423814</subfield></datafield><datafield ind1=" " ind2="7" tag="651"><subfield code="a">Tennessee</subfield><subfield code="z">Davidson County.</subfield><subfield code="2">fast</subfield><subfield code="0">(OCoLC)fst01205346</subfield></datafield><datafield ind1=" " ind2="7" tag="651"><subfield code="a">Tennessee</subfield><subfield code="z">Nashville.</subfield><subfield code="2">fast</subfield><subfield code="0">(OCoLC)fst01204195</subfield></datafield><datafield ind1=" " ind2=" " tag="752"><subfield code="a">United States</subfield><subfield code="b">Tennessee</subfield><subfield code="c">Davidson</subfield><subfield code="d">Nashville.</subfield></datafield><datafield ind1="1" ind2="7" tag="785"><subfield code="t">Jeffersonian (Nashville, Tenn.)</subfield><subfield code="w">(DLC)sn 96091091</subfield></datafield><datafield ind1="1" ind2="7" tag="785"><subfield code="t">Nashville record with which is combined the Jeffersonian</subfield><subfield code="w">(DLC)sn 96091092</subfield></datafield></record>